@book{Suzev,
    author = {Cюзев В.В},
    publisher = {Издательство <<РТСофт>>},
    pages = {752},
    title = {{Основы теории цифровой обработки сигналов. Учебное пособие.}},
    year = {2014}
}

@book{Suzev_Monography,
    author = {Cюзев В.В. и др.},
    publisher = {ООО <<РУСАЙНС>>},
    pages = {326},
    title = {{Методы имитации сигналов в научных задачах моделирования информационно-управляющих систем реального времени}},
    year = {2021}
}

@book{Glinchenko,
    author = {Глинченко А.С.},
    publisher = {Сибирский федеральный университет},
    pages = {242},
    title = {{Цифровая обработка сигналов. Версия 1.0 [Электронный ресурс] : курс лекций}},
    year = {2008}
}

@book{Strogalev,
    author = {Строгалев В.П., Толкачева И.О.},
    publisher = {Издательство МГТУ им.Н.Э.Баумана},
    pages = {295},
    title = {{Имитационное моделирование: учебное пособие}},
    year = {2015}
}


@book{Varakin,
    author = {Варакин Л. Е.},
    publisher = {М.: Радио и связь},
    pages = {384},
    title = {{Системы связи с шумоподобными сигналами}},
    year = {1985}
}

@article{Mak,
    author = {Макуильямс Ф.Д., Слоан Н.Д.},
    title = {Псевдослучайные последовательности и таблицы},
    journal = {ТИИЭР},
    volume = {64},
    number = {12},
    pages = {80--95},
    year = {1976}
}
	
@book{Golomb,
    author = {Golomb S.},
    publisher = {University of Southern California, USA},
    pages = {272},
    title = {{Shift Register Sequences}},
    year = {2017}
}

@book{Voloshinov,
  title={Математика и искусство},
  author={Волошинов А.В.},
  pages = {335},
  year={2000},
  publisher={Просвещение}
}

@article{Bulk,
  title={Реальные применения мнимых чисел},
  author={Балк М.Б., Балк Г.Д., Полухин А.А.},
  journal={Киев: Радянська школа},
  year={1988}
}

@book{springerone,
  title={Введение в теорию римановых поверхностей},
  author={Спрингер Дж.},
  year={1960},
  publisher={Издательство иностранной литературы}
}

@article{Farris,
  title={Visualizing complex-valued functions in the plane},
  author={Farris M., Frank A.},
  journal={AMC},
  volume={10},
  pages={12},
  year={1997}
}

@article{Levkowitz,
title = {GLHS: A Generalized Lightness, Hue, and Saturation Color Model},
journal = {CVGIP: Graphical Models and Image Processing},
volume = {55},
number = {4},
pages = {271-285},
year = {1993},
issn = {1049-9652},
doi = {https://doi.org/10.1006/cgip.1993.1019},
url = {https://www.sciencedirect.com/science/article/pii/S1049965283710199},
author = {Levkowitz H., Herman G.T.}
}

@book{Gal,
  title={Multidimensional signals, circuits and systems},
  author={Galkowski, Krzysztof and Wood, Jeff David},
  year={2001},
  publisher={CRC Press}
}

@book{Recommend,
    title = {{Рекомендация МСЭ-R BT. 601-7 (03/2011) Студийные параметры кодирования цифрового телевидения для стандартного 4:3 и широкоэкранного 16:9 форматов}}
}

@article{AG,
  title={Цифровая обработка сигналов. Практический подход.},
  author={Айфичер, Эммануил and Джервис, Барри},
  year={2004},
  publisher={Вильюмс}
}

@book{Dachnovich,
    author = {Дахнович А.А.},
    publisher = {Издательство ТГТУ},
    pages = {70},
    title = {{Дискретные системы и цифровая обработка сигналов. Учебное пособие}},
    year = {2007}
}